@inbook{inbook1,
    author = {Graimann, Bernhard and Allison, Brendan and Pfurtscheller, Gert},
    year = {1970},
    month = {01},
    pages = {1-27},
    title = {Brain–Computer Interfaces: A Gentle Introduction},
    journal = {Brain-Computer Interfaces},
    doi = {10.1007/978-3-642-02091-9_1}
}


@inproceedings{inproceedings1,
    author = {Elsawy, Amr and Eldawlatly, Seif and Taher, Mohamed and M. Aly, Gamal},
    year = {2013},
    month = {09},
    pages = {444-449},
    title = {A principal component analysis ensemble classifier for P300 speller applications},
    journal = {International Symposium on Image and Signal Processing and Analysis, ISPA},
    doi = {10.1109/ISPA.2013.6703782}
}

@inproceedings{inproceedings2,
    author = {Elsawy, Amr and Eldawlatly, Seif and Taher, Mohamed and M Aly, Gamal},
    year = {2014},
    month = {08},
    pages = {5032-5},
    title = {Performance analysis of a Principal Component Analysis ensemble classifier for Emotiv headset P300 spellers},
    volume = {2014},
    journal = {2014 36th Annual International Conference of the IEEE Engineering in Medicine and Biology Society, EMBC 2014},
    doi = {10.1109/EMBC.2014.6944755}
}


@article{article1,
    author = {Krusienski, Dean and Sellers, Eric and Cabestaing, François and Bayoudh, Sabri and Mcfarland, Dennis and Vaughan, Theresa and Wolpaw, Jonathan},
    year = {2007},
    month = {01},
    pages = {299-305},
    title = {A comparison of classification techniques for the P300 Speller},
    volume = {3},
    journal = {Journal of neural engineering},
    doi = {10.1088/1741-2560/3/4/007}
}

@article{article2,
    author = {Elsawy, Amr and Eldawlatly, Seif and Taher, Mohamed and M. Aly, Gamal},
    year = {2016},
    month = {11},
    pages = {},
    title = {MindEdit: A P300-based Text Editor for Mobile Devices},
    volume = {80},
    journal = {Computers in Biology and Medicine},
    doi = {10.1016/j.compbiomed.2016.11.014}
}

@article{article3,
    author = {Farwell, Lawrence},
    year = {1988},
    month = {01},
    pages = {510-523},
    title = {Talking off the top of your head: A mental prosthesis utilizing event-related brain potentials},
    volume = {70},
    journal = {Electroencephalography Clinical. Neurophysiolgy}
}

@article{article4,
    author = {Herrmann, Christoph},
    year = {2001},
    month = {05},
    pages = {346-53},
    title = {Human EEG responses to 1–100 Hz flicker: Resonance phenomena in visual cortex and their potential correlation to cognitive phenomena},
    volume = {137},
    journal = {Experimental brain research. Experimentelle Hirnforschung. Expérimentation cérébrale},
    doi = {10.1007/s0022101}
}

@article{article5,
    author = {Sutton, S and Tueting, Patricia and Zubin, J and John, E.R.},
    year = {1967},
    month = {04},
    pages = {1436-9},
    title = {Information delivery and the sensory evoked potential},
    volume = {155},
    journal = {Science (New York, N.Y.)}
}

@article{article6,
    author = {Fazel-Rezai, Reza and Allison, Brendan and Guger, Christoph and Sellers, Eric and Kleih, Sonja and Kübler, Andrea},
    year = {2012},
    month = {07},
    pages = {14},
    title = {P300 brain computer interface: Current challenges and emerging trends},
    volume = {5},
    journal = {Frontiers in neuroengineering},
    doi = {10.3389/fneng.2012.00014}
}

@article{article7,
    author = {Mildenberger, Thoralf},
    year = {2014},
    month = {05},
    pages = {},
    title = {Stephen Marsland: Machine learning. An algorithmic perspective},
    volume = {55},
    journal = {Statistical Papers},
    doi = {10.1007/s00362-012-0471-0}
}

@article{article8,
    author = {Batres-Mendoza, Patricia and R Montoro-Sanjose, Carlos and I Guerra-Hernandez, Erick and Almanza-Ojeda, Dora and Rostro, Horacio and Romero-Troncoso, René and Ibarra-Manzano, Mario},
    year = {2016},
    month = {03},
    pages = {1-17},
    title = {Quaternion-Based Signal Analysis for Motor Imagery Classification from Electroencephalographic Signals},
    volume = {16},
    journal = {Sensors},}
    doi = {10.3390/s16030336
}